<collection xmlns="http://www.loc.gov/MARC21/slim">
<record>
  <leader>01119nam0a22002291i 450 </leader>
  <controlfield tag="001">IT\ICCU\CNCE\078301</controlfield>
  <controlfield tag="005">20151116000000.0</controlfield>
  <datafield tag="012" ind1=" " ind2=" ">
    <subfield code="a">i.us *.t* i.ro a-si (C) 1557 (Q)</subfield>
    <subfield code="2">fei</subfield>
  </datafield>
  <datafield tag="100" ind1=" " ind2=" ">
    <subfield code="a">20131212f1557        0itac0103    ba</subfield>
  </datafield>
  <datafield tag="101" ind1=" " ind2=" ">
    <subfield code="a">ITA</subfield>
  </datafield>
  <datafield tag="102" ind1=" " ind2=" ">
    <subfield code="a">IT</subfield>
  </datafield>
  <datafield tag="200" ind1="1" ind2=" ">
    <subfield code="a">MDLVII a&apos; XIII di nouembre. Nella casa dell&apos;infrascritto clarissimo m. Domenico Venier del confin di Santa Maria Formosa ...</subfield>
  </datafield>
  <datafield tag="210" ind1=" " ind2=" ">
    <subfield code="d">\1557?!</subfield>
  </datafield>
  <datafield tag="215" ind1=" " ind2=" ">
    <subfield code="a">\2! c.</subfield>
    <subfield code="d">fol</subfield>
  </datafield>
  <datafield tag="300" ind1=" " ind2=" ">
    <subfield code="a">Si tratta del documento di fondazione dell&apos;Accademia Veneziana. - Stampata a Venezia dall&apos;Accademia Veneziana. Cfr.: Annales de l&apos;imprimerie des Alde, ou histoire des trois Manuce et des leurs editions, p. 277, n. 32 (dove per errore  ̈citato in data 14 9bris)</subfield>
  </datafield>
  <datafield tag="620" ind1=" " ind2=" ">
    <subfield code="a">IT</subfield>
    <subfield code="d">Venezia</subfield>
  </datafield>
  <datafield tag="710" ind1="0" ind2="2">
    <subfield code="a">Accademia Veneziana</subfield>
    <subfield code="3">IT\ICCU\CNCT\000421</subfield>
  </datafield>
  <datafield tag="712" ind1="0" ind2="2">
    <subfield code="a">Accademia Veneziana</subfield>
    <subfield code="3">IT\ICCU\CNCT\000053</subfield>
    <subfield code="4">650</subfield>
  </datafield>
  <datafield tag="791" ind1="0" ind2="2">
    <subfield code="a">Academia Veneta</subfield>
    <subfield code="3">IT\ICCU\CNCT\003457</subfield>
    <subfield code="z">Accademia Veneziana</subfield>
  </datafield>
  <datafield tag="791" ind1="0" ind2="2">
    <subfield code="a">Academia Venetiana</subfield>
    <subfield code="3">IT\ICCU\CNCT\004215</subfield>
    <subfield code="z">Accademia Veneziana</subfield>
  </datafield>
  <datafield tag="801" ind1=" " ind2="3">
    <subfield code="a">IT</subfield>
    <subfield code="b">ICCU</subfield>
    <subfield code="c">20201115</subfield>
  </datafield>
  <datafield tag="899" ind1=" " ind2=" ">
    <subfield code="a">Biblioteca d&apos;arte del Museo civico Correr. Venezia</subfield>
    <subfield code="1">VE0039</subfield>
    <subfield code="2">VEA BC</subfield>
  </datafield>
</record>
</collection>
